@article{vision_percentage,
title = "Sensorimotor Mismatch Signals in Primary Visual Cortex of the Behaving Mouse",
journal = "Neuron",
volume = "74",
number = "5",
pages = "809 - 815",
year = "2012",
issn = "0896-6273",
doi = "https://doi.org/10.1016/j.neuron.2012.03.040",
url = "http://www.sciencedirect.com/science/article/pii/S0896627312003844",
author = "Georg B. Keller and Tobias Bonhoeffer and Mark Hübener"
}

@online{ILSVRC,
  author = "Stanford Vision Lab",
  title = "Large Scale Visual Recognition Challenge (ILSVRC)",
  year = "2018",
  url = "http://www.image-net.org/challenges/LSVRC",
  urldate = "2018-31-05"
}

@article{SRGAN,
  author = "Christian Ledig et al.",
  title = "Photo-Realistic Single Image Super-Resolution Using a Generative Adversarial Network",
  year = "2016",
  url = "http://openaccess.thecvf.com/content_cvpr_2017/papers/Ledig_Photo-Realistic_Single_Image_CVPR_2017_paper.pdf",
  urldate = "2018-31-05"
}

@article{RSVP13ms
  author = "Mary C. Potter, Brad Wyble, Carl Erick Hagmann, Emily S. McCourt",
  title = "Detecting meaning in RSVP at 13 ms per picture",
  journal = "Attention, Perception, & Psychophysics",
  volume = "76",
  number = "2",
  pages = "270-279",
  year = "2014",
  issn = "1943-3921",
  doi = "https://doi.org/10.3758/s13414-013-0605-z",
  url = "https://dspace.mit.edu/openaccess-disseminate/1721.1/107157"
}

@article{ViolaJones,
  author = "Paul Viola, Michael Jones",
  title = "Rapid Object Detection using a Boosted Cascade of Simple Features",
  url = "https://www.cs.cmu.edu/~efros/courses/LBMV07/Papers/viola-cvpr-01.pdf",
  year = "2001"
}

@article{Backpropagation,
 author = "Rumelhart, David E. and Hinton, Geoffrey E. and Williams, Ronald J.",
 chapter = "Learning Representations by Back-propagating Errors",
 title = "Neurocomputing: Foundations of Research",
 editor = "Anderson, James A. and Rosenfeld, Edward",
 year = "1988",
 isbn = "0-262-01097-6",
 pages = "696--699",
 numpages = "4",
 url = "http://dl.acm.org/citation.cfm?id=65669.104451",
 publisher = "MIT Press",
 address = "Cambridge, MA, USA",
}

@article{NesterovMomentum,
  title="On the importance of initialization and momentum in deep learning",
  author="Sutskever, Ilya and Martens, James and Dahl, George and Hinton, Geoffrey",
  booktitle="International conference on machine learning",
  pages="1139--1147",
  year="2013"
}

@article{ObjectRecognition,
 author = "LeCun, Yann and Haffner, Patrick and Bottou, Leon and Bengio, Yoshua",
 title = "Object Recognition with Gradient-Based Learning",
 booktitle = "Shape, Contour and Grouping in Computer Vision",
 year = "1999",
 isbn = "3-540-66722-9",
 pages = "319--",
 url = "http://dl.acm.org/citation.cfm?id=646469.691875",
 publisher = "Springer-Verlag",
 address = "London, UK, UK",
}

@article{YOLO,
  author    = "Joseph Redmon and Santosh Kumar Divvala and Ross B. Girshick and Ali Farhadi",
  title     = "You Only Look Once: Unified, Real-Time Object Detection",
  journal   = "CoRR",
  volume    = "abs/1506.02640",
  year      = "2015",
  url       = "http://arxiv.org/abs/1506.02640",
  eprint    = "1506.02640"
}

@misc{Darknet,
  author =   "Joseph Redmon",
  title =    "Darknet: Open Source Neural Networks in C",
  url = "http://pjreddie.com/darknet/",
  year = "2013--2016"
}

@article{TinyFaceDetector,
  author    = "Peiyun Hu and Deva Ramanan",
  title     = "Finding Tiny Faces",
  journal   = "CoRR",
  volume    = "abs/1612.04402",
  year      = "2016",
  url       = "http://arxiv.org/abs/1612.04402",
  eprint    = "1612.04402",
}

@article{coco,
  author    = "Tsung-Yi Lin and Michael Maire and Serge J. Belongie and Lubomir D. Bourdev and Ross B. Girshick and James Hays and Pietro Perona and Deva Ramanan and Piotr Doll and C. Lawrence Zitnick",
  title     = "Microsoft COCO: Common Objects in Context",
  journal   = "CoRR",
  volume    = "abs/1405.0312",
  year      = "2014",
  url       = "http://arxiv.org/abs/1405.0312",
  eprint    = "1405.0312",
}

@misc{pascal-voc-2007,
	author = "Everingham, M. and Van~Gool, L. and Williams, C. K. I. and Winn, J. and Zisserman, A.",
	title = "The PASCAL Visual Object Classes Challenge 2007 (VOC2007) Results",
	url = "http://www.pascal-network.org/challenges/VOC/voc2007/workshop/index.html"
}

@book{cupicZbirka,
 author = "Marko Čupić and Jan Šnjader and Bojana Dalbelo Bašić",
 title = "Umjetne neuronske mreže",
 url = "https://www.fer.unizg.hr/_download/repository/UmjetneNeuronskeMreze.pdf",
 year = "2008"
}

@misc{duPredavanja,
 author = "Siniša Šegvić",
 title = "Konvolucijski modeli",
 url = "http://www.zemris.fer.hr/~ssegvic/du/du2convnet.pdf",
 year = "2017"
}
